@article{baur2010,
  title={Is gold a hedge or a safe haven? An analysis of stocks, bonds and gold},
  author={Baur, Dirk G and Lucey, Brian M},
  journal={Financial Review},
  volume={45},
  number={2},
  pages={217--229},
  year={2010},
  publisher={Wiley Online Library}
}

@article{barr2007,
  title={Portfolio strategies for hedging against rand weakness},
  author={Barr, GDI and Holdsworth, CG and Kantor, BS},
  journal={South African Journal of Accounting Research},
  volume={21},
  number={1},
  pages={81--101},
  year={2007},
  publisher={Taylor \& Francis}
}

@article{fang2002,
  title={Dynamic effects of currency depreciation on stock market returns during the Asian financial crisis},
  author={Fang, WenShwo and Miller, Stephen M},
  year={2002}
}

@article{mukherjee1995,
  title={Dynamic relations between macroeconomic variables and the Japanese stock market: an application of a vector error correction model},
  author={Mukherjee, Tarun K and Naka, Atsuyuki},
  journal={Journal of Financial Research},
  volume={18},
  number={2},
  pages={223--237},
  year={1995},
  publisher={Wiley Online Library}
}

@article{kearney1998,
  title={The causes of volatility in a small, internationally integrated stock market: Ireland, July 1975--June 1994},
  author={Kearney, Colm},
  journal={Journal of Financial Research},
  volume={21},
  number={1},
  pages={85--104},
  year={1998},
  publisher={Wiley Online Library}
}

@article{bauwens2006,
  title={Multivariate GARCH models: a survey},
  author={Bauwens, Luc and Laurent, S{\'e}bastien and Rombouts, Jeroen VK},
  journal={Journal of applied econometrics},
  volume={21},
  number={1},
  pages={79--109},
  year={2006},
  publisher={Wiley Online Library}
}

@article{kennedy2016,
  title={Exchange rate volatility and its effect on stock market volatility},
  author={Kennedy, K and Nourzad, F},
  journal={International Journal of Human Capital in Urban Management},
  volume={1},
  number={1},
  pages={37--46},
  year={2016},
  publisher={Human Resource Development Deputy}
}

@article{ciner2013,
  title={Hedges and safe havens: An examination of stocks, bonds, gold, oil and exchange rates},
  author={Ciner, Cetin and Gurdgiev, Constantin and Lucey, Brian M},
  journal={International Review of Financial Analysis},
  volume={29},
  pages={202--211},
  year={2013},
  publisher={Elsevier}
}

@article{engle2002,
  title={Dynamic conditional correlation: A simple class of multivariate generalized autoregressive conditional heteroskedasticity models},
  author={Engle, Robert},
  journal={Journal of Business \& Economic Statistics},
  volume={20},
  number={3},
  pages={339--350},
  year={2002},
  publisher={Taylor \& Francis}
}